% CMS detector
@article{collaboration2008cms,
  title={The {CMS} experiment at the {CERN} {LHC}},
  author={{CMS Collaboration} and Chatrchyan, S and Hmayakyan, G and Khachatryan, V and Sirunyan, AM and Adam, W and Bauer, T and Bergauer, T and Bergauer, H and Dragicevic, M and others},
  journal={Jinst},
  volume={3},
  pages={S08004},
  year={2008}
}

%CMS Run 3 Event Builder
@article{cmsRun3EventBuilder,
	author = {Andr{\'e}, Jean-Marc and others},
	doi = {10.1051/epjconf/201921401006},
	journal = {EPJ Web Conf.},
	pages = {01006},
	title = {The CMS Event-Builder System for LHC Run 3 (2021-23)},
	url = {https://doi.org/10.1051/epjconf/201921401006},
	volume = 214,
	year = 2019,
	bdsk-url-1 = {https://doi.org/10.1051/epjconf/201921401006}}


%CMS TDR Vol. 1
@techreport{bayatian2006cms,
  title={{CMS} physics: technical design report volume 1: detector performance and software},
  author={Bayatian, GL and Korablev, A and Soha, A and Sharif, O and Chertok, M and Mitaroff, W and Pauss, F and Genchev, V and Wensveen, M and Lemaitre, V and others},
  year={2006},
  institution={CMS-TDR-008-1}
}


#CMS Trigger From Run 1
@article{cms2016cms,
  title={The {CMS} Trigger System},
  author={{CMS collaboration} and others},
  journal={arXiv preprint arXiv:1609.02366},
  year={2016}
}

% Level 1 Trigger Run 2
@article{cms2020performance,
  title={Performance of the {CMS} Level-1 trigger in proton-proton collisions at $\sqrt{s}=13$ {TeV}},
  author={{CMS collaboration} and others},
  journal={arXiv preprint arXiv:2006.10165},
  year={2020}
}

%L1 and HLT (prep for Run 2)
@inproceedings{donato2018cms,
  title={{CMS} Trigger Performance},
  author={Donato, Silvio},
  booktitle={EPJ Web of Conferences},
  volume={182},
  pages={02037},
  year={2018},
  organization={EDP Sciences}
}

%HLT 2018
@article{thomas2019cms,
  title={{SISSA}: {CMS} High Level Trigger performance at 13 TeV},
  author={Thomas, Laurent},
  journal={PoS},
  pages={226},
  year={2019},
  publisher={SISSA}
}

%HLT 2014 Run 1
@inproceedings{trocino2014cms,
  title={The {CMS} High Level Trigger},
  author={Trocino, Daniele},
  booktitle={Journal of Physics: Conference Series},
  volume={513},
  number={1},
  pages={012036},
  year={2014},
  organization={IOP Publishing}
}


#CDS 2022
@techreport{fontanesi2022cms,
      author        = "Fontanesi, Elisa",
      collaboration = "CMS",
      title         = "{New trigger strategies for {CMS} during Run 3}",
      institution   = "CERN",
      reportNumber  = "CMS-CR-2022-256",
      address       = "Geneva",
      year          = "2022",
      url           = "http://cds.cern.ch/record/2842439",
      doi           = "10.22323/1.414.0681",
}


%Run 3 EVERYTHING TRIGGER!
@article{cms2023development,
  title={Development of the {CMS} detector for the {CERN} {LHC} Run 3},
  author={CMS Collaboration and others},
  journal={arXiv preprint arXiv:2309.05466},
  year={2023}
}

%tracking in HLT 2014
@article{mia2014trackingcms,
  title={Tracking at High Level Trigger in CMS},
  author={Mia, TOSI and others},
  year={2014}
}


%tracking in HLT 2016
@article{tosi2016trackingcms,
  title={Tracking at High Level Trigger in CMS},
  author={Tosi, Mia},
  journal={Nuclear and particle physics proceedings},
  volume={273},
  pages={2494--2496},
  year={2016},
  publisher={Elsevier}
}




@article{sirunyan2017pflowcms,
  title={Particle-flow reconstruction and global event description with the {CMS} detector},
  author={Sirunyan, Albert M and Tumasyan, Armen and Adam, Wolfgang and Asilar, Ece and Bergauer, Thomas and Brandstetter, Johannes and Brondolin, Erica and Dragicevic, Marko and Er{\"o}, Janos and Flechl, Martin and others},
  journal={Journal of Instrumentation},
  pages={86},
  year={2017},
  publisher={Iop Publishing Ltd}
}






%run 3 prep
@article{morovic2023cms,
  title={{CMS} detector: Run 3 status and plans for Phase-2},
  author={Morovi{\'c}, Sre{\'c}ko},
  journal={arXiv preprint arXiv:2309.02256},
  year={2023}
}

%run 3 trigger
@inproceedings{dordevic2022cms,
  title={The {CMS} Trigger System},
  author={Dordevic, Milos and CMS Collaboration and others},
  booktitle={Journal of Physics: Conference Series},
  volume={2375},
  number={1},
  pages={012003},
  year={2022},
  organization={IOP Publishing}
}

%run 3 L1 scouting
@article{ardino202340cms,
  title={A 40 MHz Level-1 trigger scouting system for the {CMS} Phase-2 upgrade},
  author={Ardino, Rocco and Deldicque, Christian and Dobson, Marc and Giorgetti, Sabrina and Grosso, Gaia and James, Thomas and Meschi, Emilio and Rabady, Dinyar and Racz, Attila and Sakulin, Hannes and others},
  journal={Nuclear Instruments and Methods in Physics Research Section A: Accelerators, Spectrometers, Detectors and Associated Equipment},
  volume={1047},
  pages={167805},
  year={2023},
  publisher={Elsevier}
}

%run 3 ECAL upgrades
@inproceedings{tishelman2022ecalcms,
  title={{ECAL} Trigger Performance in Run 2 and Improvements for Run 3},
  author={Tishelman-Charny, Abraham and CMS Collaboration and others},
  booktitle={Journal of Physics: Conference Series},
  volume={2374},
  number={1},
  pages={012088},
  year={2022},
  organization={IOP Publishing}
}

%run 3 CALO upgrades
@article{strobbe2017upgradecms,
  title={The upgrade of the {CMS} hadron calorimeter with silicon photomultipliers},
  author={Strobbe, Nadja},
  journal={Journal of Instrumentation},
  volume={12},
  number={01},
  pages={C01080},
  year={2017},
  publisher={IOP Publishing}
}


@techreport{daci2011cms,
      author        = "Daci, Nadir",
      collaboration = "CMS",
      title         = "{{CMS} Level-1 electron/photon trigger performance}",
      institution   = "CERN",
      reportNumber  = "CMS-CR-2011-350",
      address       = "Geneva",
      year          = "2011",
      url           = "https://cds.cern.ch/record/1453400",
}


@techreport{colaleo2015cms,
      author        = "Colaleo, A and Safonov, A and Sharma, A and Tytgat, M",
      title         = "{{CMS} Technical Design Report for the Muon Endcap GEM
                       Upgrade}",
      reportNumber  = "CERN-LHCC-2015-012, CMS-TDR-013",
      year          = "2015",
      url           = "https://cds.cern.ch/record/2021453",
}




@inproceedings{bocci2023cms,
  title={{CMS} High Level Trigger performance comparison on CPUs and GPUs},
  author={Bocci, Andrea and {CMS} Collaboration and others},
  booktitle={Journal of Physics: Conference Series},
  volume={2438},
  number={1},
  pages={012016},
  year={2023},
  organization={IOP Publishing}
}

%run 3 trigger
@inproceedings{andre2019cms,
  title={The {CMS} event-builder system for {LHC} run 3 (2021-23)},
  author={Andr{\'e}, Jean-Marc and Behrens, Ulf and Branson, James and Brummer, Philipp and Cittolin, Sergio and Gomes, Diego Da Silva and Darlea, Georgiana-Lavinia and Deldicque, Christian and Demiragli, Zeynep and Dobson, Marc and others},
  booktitle={EPJ Web of Conferences},
  volume={214},
  pages={01006},
  year={2019},
  organization={EDP Sciences}
}


%run 3 algo
@article{bols2020jetcms,
  title={Jet flavour classification using DeepJet},
  author={Bols, Emil and Kieseler, Jan and Verzetti, Mauro and Stoye, Markus and Stakia, Anna},
  journal={Journal of Instrumentation},
  volume={15},
  number={12},
  pages={P12012},
  year={2020},
  publisher={IOP Publishing}
}

@article{cms2022identification,
  title={Identification of hadronic tau lepton decays using a deep neural network},
  author={CMS collaboration and others},
  journal={arXiv preprint arXiv:2201.08458},
  year={2022}
}

@article{qu1902particlenetcms,
  title={ParticleNet: jet tagging via particle clouds.(2019)},
  author={Qu, H and Gouskos, L},
  journal={arXiv preprint arXiv:1902.08570}
}


@article{bocci2020heterogeneouscms,
  title={Heterogeneous reconstruction of tracks and primary vertices with the {CMS} pixel tracker},
  author={Bocci, Andrea and Innocente, Vincenzo and Kortelainen, Matti and Pantaleo, Felice and Rovere, Marco},
  journal={Frontiers in big Data},
  volume={3},
  pages={601728},
  year={2020},
  publisher={Frontiers Media SA}
}



@article{cms-GPU-clustering,
	author = {{Chen, Ziheng} and {Di Pilato, Antonio} and {Pantaleo, Felice} and {Rovere, Marco}},
	doi = {10.1051/epjconf/202024505005},
	journal = {EPJ Web Conf.},
	pages = {05005},
	title = {GPU-based Clustering Algorithm for the CMS High Granularity Calorimeter},
	url = {https://doi.org/10.1051/epjconf/202024505005},
	volume = 245,
	year = 2020,
	bdsk-url-1 = {https://doi.org/10.1051/epjconf/202024505005}}



%%%%%%%%%%%%%%%%%%%%%%%%%%%%%%%%%%%%%%%%%%%%%%%%%%%%%%%%%%%%%%%%HL-LHC

%trackers
@techreport{collaboration2017phasecms,
      collaboration = "CMS",
      title         = "{The Phase-2 Upgrade of the {CMS} Tracker}",
      institution   = "CERN",
      reportNumber  = "CERN-LHCC-2017-009, CMS-TDR-014",
      address       = "Geneva",
      year          = "2017",
      url           = "https://cds.cern.ch/record/2272264",
      doi           = "10.17181/CERN.QZ28.FLHW",
}


%mtd
@techreport{cms2019mip,
      collaboration = "CMS",
      title         = "{A MIP Timing Detector for the {CMS} Phase-2 Upgrade}",
      institution   = "CERN",
      reportNumber  = "CERN-LHCC-2019-003, CMS-TDR-020",
      address       = "Geneva",
      year          = "2019",
      url           = "https://cds.cern.ch/record/2667167",
}

%hgcal
@techreport{cms2017phase-hgcal,
      collaboration = "CMS",
      title         = "{The Phase-2 Upgrade of the {CMS} Endcap Calorimeter}",
      institution   = "CERN",
      reportNumber  = "CERN-LHCC-2017-023, CMS-TDR-019",
      address       = "Geneva",
      year          = "2017",
      url           = "https://cds.cern.ch/record/2293646",
      doi           = "10.17181/CERN.IV8M.1JY2",
}


@article{lobanov2020precisioncms,
  title={Precision timing calorimetry with the {CMS} {HGCAL}},
  author={Lobanov, Artur},
  journal={Journal of Instrumentation},
  volume={15},
  number={07},
  pages={C07003},
  year={2020},
  publisher={IOP Publishing}
}


@article{magnan2017hgcalcms,
  title={{HGCAL}: a High-Granularity Calorimeter for the endcaps of {CMS} at {HL-LHC}},
  author={Magnan, A-M},
  journal={Journal of Instrumentation},
  volume={12},
  number={01},
  pages={C01042},
  year={2017},
  publisher={IOP Publishing}
}

@article{martelli2017cms,
  title={The {CMS} {HGCAL} detector for {HL-LHC} upgrade},
  author={Martelli, Arabella},
  journal={arXiv preprint arXiv:1708.08234},
  year={2017}
}


%ecal barrel
@techreport{cms2017phase-ecal,
      collaboration = "CMS",
      title         = "{The Phase-2 Upgrade of the {CMS} Barrel Calorimeters}",
      institution   = "CERN",
      reportNumber  = "CERN-LHCC-2017-011, CMS-TDR-015",
      address       = "Geneva",
      year          = "2017",
      url           = "https://cds.cern.ch/record/2283187",
      note          = "This is the final version, approved by the LHCC",
}

%muons sys
@techreport{cmsphase-muons,
      collaboration = "CMS",
      title         = "{The Phase-2 Upgrade of the {CMS} Muon Detectors}",
      institution   = "CERN",
      reportNumber  = "CERN-LHCC-2017-012, CMS-TDR-016",
      address       = "Geneva",
      year          = "2017",
      url           = "https://cds.cern.ch/record/2283189",
      note          = "This is the final version, approved by the LHCC.",
}




%L1 upgrade
@techreport{bologna2019overviewcms,
      author        = "Bologna, Simone",
      collaboration = "CMS",
      title         = "{Overview of the {HL-LHC} Upgrade for the {CMS} Level-1
                       Trigger}",
      institution   = "CERN",
      reportNumber  = "CMS-CR-2019-165",
      address       = "Geneva",
      year          = "2019",
      url           = "https://cds.cern.ch/record/2797771",
}

@inproceedings{petrucciani2019particlecms,
  title={Particle Flow reconstruction in the {CMS} Level-1 Trigger for the {HL-LHC}},
  author={Petrucciani, Giovanni},
  booktitle={EPJ Web of Conferences},
  volume={214},
  pages={01019},
  year={2019},
  organization={EDP Sciences}
}

@article{kreis2018particlecms,
  title={Particle Flow and {PUPPI} in the Level-1 Trigger at {CMS} for the {HL-LHC}},
  author={Kreis, Benjamin},
  journal={arXiv preprint arXiv:1808.02094},
  year={2018}
}

@article{bertolini2014puppi,
  title={Pileup per particle identification},
  author={Bertolini, Daniele and Harris, Philip and Low, Matthew and Tran, Nhan},
  journal={Journal of High Energy Physics},
  volume={2014},
  number={10},
  pages={1--22},
  year={2014},
  publisher={Springer}
}



%hlt
@techreport{collaboration2021cmshlt,
      author        = "Collaboration, CMS",
      title         = "{The Phase-2 Upgrade of the {CMS} Data Acquisition and High
                       Level Trigger}",
      institution   = "CERN",
      reportNumber  = "CERN-LHCC-2021-007, CMS-TDR-022",
      address       = "Geneva",
      year          = "2021",
      url           = "https://cds.cern.ch/record/2759072",
      note          = "This is the final version of the document, approved by the
                       LHCC",
}

@article{tomei2022hltcms,
  title={The High-Level Trigger for the {CMS} Phase-2 Upgrade},
  author={Tomei, TR Fernandez Perez},
  journal={arXiv preprint arXiv:2211.03684},
  year={2022}
}


@article{tomei2003cms,
  title={The {CMS} Trigger Upgrade for the HL-LHC, EPJ Web Conf. 245 (2020) 01031},
  author={Tomei, TRFP},
  journal={arXiv preprint arXiv:2003.06460}
}


%scouting
@inproceedings{badaro202040cms,
  title={40 MHz Level-1 trigger scouting for {CMS}},
  author={Badaro, Gilbert and Behrens, Ulf and Branson, James and Brummer, Philipp and Cittolin, Sergio and Da Silva-Gomes, Diego and Darlea, Georgiana-Lavinia and Deldicque, Christian and Dobson, Marc and Doualot, Nicolas and others},
  booktitle={EPJ Web of Conferences},
  volume={245},
  pages={01032},
  year={2020},
  organization={EDP Sciences}
}

%%% article{ardino202340cms,
%  title={A 40 MHz Level-1 trigger scouting system for the CMS Phase-2 upgrade},
%  author={Ardino, Rocco and Deldicque, Christian and Dobson, Marc and Giorgetti, Sabrina and Grosso, Gaia and James, Thomas and Meschi, Emilio and Rabady, Dinyar and Racz, Attila and Sakulin, Hannes and others},
%  journal={Nuclear Instruments and Methods in Physics Research Section A: Accelerators, Spectrometers, Detectors and Associated Equipment},
%  volume={1047},
%  pages={167805},
%  year={2023},
%  publisher={Elsevier}
%}


%patatrack
@misc{cms2018patatrack,
  title={Patatrack heterogeneous computing 2018 demonstrator: Pixel tracks},
  author={{CMS} Collaboration and others},
  year={2018},
  publisher={CMS Detector Performance Note CMS-DP-2018-059, CERN}
}












%HL-LHC using GPUs in trig
@article{bocci2008heterogeneous-cms,
  title={Heterogeneous reconstruction of tracks and primary vertices with the {CMS} pixel tracker (2020)},
  author={Bocci, A and Kortelainen, M and Innocente, V and Pantaleo, F and Rovere, M},
  journal={arXiv preprint arXiv:2008.13461},
  year={2008}
}


%CMS muon detector upgrades Run 3 -> HL
@techreport{battilana2019sissacms,
      author        = "Battilana, Carlo",
      collaboration = "CMS",
      title         = "{Upgrades of the {CMS} muon detectors: from Run 3 towards
                       {HL-LHC}. Upgrades of the {CMS} muon detectors: from Run-3
                       towards {HL-LHC}}",
      institution   = "CERN",
      reportNumber  = "CMS-CR-2019-243",
      address       = "Geneva",
      year          = "2020",
      url           = "https://cds.cern.ch/record/2797796",
      doi           = "10.22323/1.364.0156",
}


%pflow in HL-LHC
@inproceedings{petrucciani2019particle,
  title={Particle Flow reconstruction in the {CMS} Level-1 Trigger for the {HL-LHC}},
  author={Petrucciani, Giovanni},
  booktitle={EPJ Web of Conferences},
  volume={214},
  pages={01019},
  year={2019},
  organization={EDP Sciences}
}

% HL-LHC trigger upgrades paper
@inproceedings{fernandez2020cms,
  title={The {CMS} Trigger Upgrade for the {HL-LHC}},
  author={Fernandez, Perez Tomei and Thiago, Rafael},
  booktitle={EPJ. Web of Conferences},
  volume={245},
  year={2020}
}












%%%%%%%%%%%%%%%%%%%%%%%%%%%%%%%%%%%%%%%%%%%%%%%%%%%%%%%%%%%%%%%%%%%%%%%%%%%%%%%%
% CMS Run 3
@techreport{CERN-EP-2023-136,
      collaboration = "CMS",
      title         = "{Development of the {CMS} detector for the CERN LHC Run 3}",
      institution   = "CERN",
      reportNumber  = "CERN-EP-2023-136, CMS-PRF-21-001-003",
      address       = "Geneva",
      year          = "2023",
      url           = "https://cds.cern.ch/record/2870088",
}






@article{CMS:2014pgm,
    author = "Chatrchyan, Serguei and others",
    collaboration = "CMS",
    title = "{Description and performance of track and primary-vertex reconstruction with the {CMS} tracker}",
    eprint = "1405.6569",
    archivePrefix = "arXiv",
    primaryClass = "physics.ins-det",
    reportNumber = "CMS-TRK-11-001, CERN-PH-EP-2014-070",
    doi = "10.1088/1748-0221/9/10/P10009",
    journal = "JINST",
    volume = "9",
    pages = "P10009",
    year = "2014"
}

@article{CMS:2020uim,
    author        = "Sirunyan, Albert M and others",
    collaboration = "CMS",
    title         = "Electron and photon reconstruction and identification with the {CMS} experiment at the {CERN} {LHC}",
    eprint        = "2012.06888",
    journal       = "JINST",
    volume        = "16",
    pages         = "P05014",
    year          = "2021",
    archivePrefix = "arXiv",
    primaryClass  = "hep-ex",
    reportNumber  = "CMS-EGM-17-001, CERN-EP-2020-219",
    doi           = "10.1088/1748-0221/16/05/P05014"
}

@techreport{CMS-DP-2020-021,
      title         = "{ECAL} 2016 refined calibration and {Run2} summary plots",
      author        = "{CMS Collaboration}",
      collaboration = "{CMS}",
      url           = "https://cds.cern.ch/record/2717925",
      type          = "CMS Detector Performance Summary",
      number        = "CMS-DP-2020-021",
      year          = "2020"
}

@article{CMS:2018rym,
    author = "Sirunyan, A. M. and others",
    collaboration = "CMS",
    title = "{Performance of the {CMS} muon detector and muon reconstruction with proton-proton collisions at $\sqrt{s}=$ 13 TeV}",
    eprint = "1804.04528",
    archivePrefix = "arXiv",
    primaryClass = "physics.ins-det",
    reportNumber = "CMS-MUO-16-001, CERN-EP-2018-058",
    doi = "10.1088/1748-0221/13/06/P06015",
    journal = "JINST",
    volume = "13",
    pages = "P06015",
    year = "2018"
}

@article{CMS:2018jrd,
    author = "Sirunyan, A. M. and others",
    collaboration = "CMS",
    title = "{Performance of reconstruction and identification of $\tau$ leptons decaying to hadrons and $\nu_\tau$ in pp collisions at $\sqrt{s}=$ 13 TeV}",
    eprint = "1809.02816",
    archivePrefix = "arXiv",
    primaryClass = "hep-ex",
    reportNumber = "CMS-TAU-16-003, CERN-EP-2018-229",
    doi = "10.1088/1748-0221/13/10/P10005",
    journal = "JINST",
    volume = "13",
    number = "10",
    pages = "P10005",
    year = "2018"
}

@article{CMS:2016lmd,
      author         = "Khachatryan, Vardan and others",
      title          = "{Jet energy scale and resolution in the {CMS} experiment in
                           pp collisions at 8 TeV}",
      collaboration  = "CMS",
      journal        = "JINST",
      volume         = "12",
      year           = "2017",
      pages          = "P02014",
      doi            = "10.1088/1748-0221/12/02/P02014",
      eprint         = "1607.03663",
      archivePrefix  = "arXiv",
      primaryClass   = "hep-ex",
      reportNumber   = "CMS-JME-13-004, CERN-PH-EP-2015-305",
      SLACcitation   = "%%CITATION = ARXIV:1607.03663;%%"
}

@article{CMS:2019ctu,
      author         = "Sirunyan, Albert M and others",
      title          = "Performance of missing transverse momentum
                        reconstruction in proton-proton collisions at $\sqrt{s} =
                        13$\,{TeV} using the {CMS} detector",
      collaboration  = "CMS",
      journal        = "JINST",
      volume         = "14",
      year           = "2019",
      pages          = "P07004",
      doi            = "10.1088/1748-0221/14/07/P07004",
      eprint         = "1903.06078",
      archivePrefix  = "arXiv",
      primaryClass   = "hep-ex",
      reportNumber   = "CMS-JME-17-001, CERN-EP-2018-335",
      SLACcitation   = "%%CITATION = ARXIV:1903.06078;%%"
}

@misc{CMS:tracking,
      title={Speeding up the CMS track reconstruction with a parallelized and vectorized Kalman-filter-based algorithm during the LHC Run 3}, 
      author={Sophie Berkman and Giuseppe Cerati and Peter Elmer and Patrick Gartung and Leonardo Giannini and Brian Gravelle and Allison R. Hall and Matti Kortelainen and Vyacheslav Krutelyov and Steve R. Lantz and Mario Masciovecchio and Kevin McDermott and Boyana Norris and Michael Reid and Daniel S. Riley and Matev{\v z} Tadel and Emmanouil Vourliotis and Bei Wang and Peter Wittich and Avraham Yagil},
      year={2023},
      eprint={2304.05853},
      archivePrefix={arXiv},
      primaryClass={hep-ex}
}

