@article{ATLASTriggerRun3,
      title={The ATLAS Trigger System for LHC Run 3 and Trigger performance in 2022}, 
      author={ATLAS Collaboration},
      year={2024},
      eprint={2401.06630},
      archivePrefix={arXiv},
      primaryClass={hep-ex}
}

@article{ATLASJetPFlow,
   title={Jet reconstruction and performance using particle flow with the ATLAS Detector},
   volume={77},
   ISSN={1434-6052},
   url={http://dx.doi.org/10.1140/epjc/s10052-017-5031-2},
   DOI={10.1140/epjc/s10052-017-5031-2},
   number={7},
   journal={The European Physical Journal C},
   publisher={Springer Science and Business Media LLC},
   author={ATLAS Collaboration},
   year={2017}}

@article{LHCMachine,
	doi = {10.1088/1748-0221/3/08/s08001},
	year = 2008,
	month = {aug},
	publisher = {{IOP} Publishing},
	volume = {3},
	number = {08},
	pages = {S08001--S08001},
	author = {Lyndon Evans and Philip Bryant},
	title = {{LHC} Machine},
	journal = {Journal of Instrumentation}
}

@article{ATLASRun3EventBuilder,
	author = {{Elmsheuser, Johannes} and {Anastopoulos, Christos} and {Boyd, Jamie} and {Catmore, James} and {Gray, Heather} and {Krasznahorkay, Attila} and {McFayden, Josh} and {Meyer, Christopher John} and {Sfyrla, Anna} and {Strandberg, Jonas} and {Suruliz, Kerim} and {Theveneaux-Pelzer, Timothee}},
	doi = {10.1051/epjconf/202024506014},
    collaboration = "ATLAS",
	journal = {EPJ Web Conf.},
	pages = {06014},
	title = {Evolution of the ATLAS analysis model for Run-3 and prospects for HL-LHC},
	url = {https://doi.org/10.1051/epjconf/202024506014},
	volume = 245,
	year = 2020,
	bdsk-url-1 = {https://doi.org/10.1051/epjconf/202024506014}}


@article{ATLASMachine,
    title = {The ATLAS Experiment at the CERN Large Hadron Collider},
    author = {{ATLAS collaboration}},
    journal = {JINST},
    volume  = "3",
    pages   = "S08003. 437 p",
    year    = "2008",
    doi     = "10.1088/1748-0221/3/08/S08003",
}

@article{ATLASTriggerRun2,
	doi = {10.1088/1748-0221/15/10/p10004},
	year = 2020,
	month = {oct},
	publisher = {{IOP} Publishing},
	volume = {15},
	number = {10},
	pages = {P10004--P10004},
	author = {{ATLAS collaboration}},
	title = {Operation of the {ATLAS} trigger system in Run 2},
	journal = {Journal of Instrumentation}
}

@techreport{ATLAS-TDR-PhaseII,
      collaboration = "ATLAS",
      title         = "{Technical Design Report for the Phase-II Upgrade of the
                       ATLAS TDAQ System}",
      institution   = "CERN",
      reportNumber  = "CERN-LHCC-2017-020, ATLAS-TDR-029",
      address       = "Geneva",
      year          = "2017",
      url           = "https://cds.cern.ch/record/2285584",
      doi           = "10.17181/CERN.2LBB.4IAL",
}

@techreport{ATLAS-TDR-PhaseI,
      collaboration = "ATLAS",
      title         = "{Technical Design Report for the Phase-I Upgrade of the
                       ATLAS TDAQ System}",
      reportNumber  = "CERN-LHCC-2013-018, ATLAS-TDR-023",
      year          = "2013",
      url           = "https://cds.cern.ch/record/1602235",
      note          = "Final version presented to December 2013 LHCC.",
}

@techreport{Hayashi:2837931,
      author        = "Hayashi, Yuichiro",
      collaboration = "ATLAS",
      title         = "{Performance and Improvements of the ATLAS Level-1 Muon
                       Trigger for Run 3}",
      institution   = "CERN",
      reportNumber  = "ATL-DAQ-PROC-2022-019",
      address       = "Geneva",
      year          = "2023",
      url           = "https://cds.cern.ch/record/2837931",
      doi           = "10.22323/1.414.1004",
}

@misc{ATLASL1MuonPublicResults,
  title = {ATLAS L1 Muon Trigger Public Results},
  howpublished = {\url{http://twiki.cern.ch/twiki/bin/view/AtlasPublic/L1MuonTriggerPublicResults}},
  note = {Accessed: 2023-09-07}
}

@techreport{Ventura:2841379,
      author        = "Ventura, Andrea",
      collaboration = "ATLAS",
      title         = "{The Muon Trigger of the ATLAS experiment: performance and
                       improvements for Run 3}",
      institution   = "CERN",
      reportNumber  = "ATL-DAQ-PROC-2022-023",
      address       = "Geneva",
      year          = "2023",
      url           = "https://cds.cern.ch/record/2841379",
      doi           = "10.22323/1.414.0654",
}

@techreport{Mkrtchyan:2843493,
      author        = "Mkrtchyan, Tigran",
      collaboration = "ATLAS",
      title         = "{The Phase-I Upgrade of the ATLAS Level-1 Calorimeter
                       Trigger}",
      institution   = "CERN",
      reportNumber  = "ATL-DAQ-PROC-2022-027",
      address       = "Geneva",
      year          = "2022",
      url           = "https://cds.cern.ch/record/2843493",
}

@article{Okumura:2022rma,
    author = "Okumura, Yasuyuki",
    collaboration = "ATLAS",
    title = "{Triggering in ATLAS in Run 2 and Run 3}",
    reportNumber = "ATL-DAQ-PROC-2021-011",
    doi = "10.22323/1.398.0788",
    journal = "PoS",
    volume = "EPS-HEP2021",
    pages = "788",
    year = "2022"
}

@misc{ATLASL1CaloPublicResults,
  title = {ATLAS L1 Calo Trigger Public Results},
  howpublished = {\url{https://twiki.cern.ch/twiki/bin/view/AtlasPublic/L1CaloTriggerPublicResults}},
  note = {Accessed: 2023-09-07}
}

@misc{ATLASTriggerCoreSWPublicResults,
  title = {ATLAS Trigger Core Software Public Results},
  howpublished = {\url{https://twiki.cern.ch/twiki/bin/view/AtlasPublic/TriggerCoreSWPublicResults}},
  note = {Accessed: 2023-09-08}
}

@article{Bielski_2020,
doi = {10.1088/1742-6596/1525/1/012031},
url = {https://dx.doi.org/10.1088/1742-6596/1525/1/012031},
year = {2020},
month = {apr},
publisher = {IOP Publishing},
volume = {1525},
number = {1},
pages = {012031},
author = {Rafal Bielski and on behalf of the ATLAS Collaboration},
title = {ATLAS High Level Trigger within the multi-threaded software framework AthenaMT},
journal = {Journal of Physics: Conference Series}
}



%Subdetector TDRs for Phase-II

@techreport{ATLAS:ITKPixel,
      collaboration = "ATLAS",
      title         = "{Technical Design Report for the ATLAS Inner Tracker Pixel
                       Detector}",
      institution   = "CERN",
      reportNumber  = "CERN-LHCC-2017-021, ATLAS-TDR-030",
      address       = "Geneva",
      year          = "2017",
      url           = "https://cds.cern.ch/record/2285585",
      doi           = "10.17181/CERN.FOZZ.ZP3Q",
}


@techreport{ATLAS:ITKStrip,
      collaboration = "ATLAS",
      title         = "{Technical Design Report for the ATLAS Inner Tracker Strip
                       Detector}",
      institution   = "CERN",
      reportNumber  = "CERN-LHCC-2017-005, ATLAS-TDR-025",
      address       = "Geneva",
      year          = "2017",
      url           = "https://cds.cern.ch/record/2257755",
}

@techreport{ATLAS:ECAL,
      collaboration = "ATLAS",
      title         = "{ATLAS Liquid Argon Calorimeter Phase-II Upgrade:
                       Technical Design Report}",
      institution   = "CERN",
      reportNumber  = "CERN-LHCC-2017-018, ATLAS-TDR-027",
      address       = "Geneva",
      year          = "2017",
      url           = "https://cds.cern.ch/record/2285582",
      doi           = "10.17181/CERN.6QIO.YGHO",
}

@techreport{ATLAS:HCAL,
      collaboration = "ATLAS",
      title         = "{Technical Design Report for the Phase-II Upgrade of the
                       ATLAS Tile Calorimeter}",
      institution   = "CERN",
      reportNumber  = "CERN-LHCC-2017-019, ATLAS-TDR-028",
      address       = "Geneva",
      year          = "2017",
      url           = "https://cds.cern.ch/record/2285583",
}

@techreport{ATLAS:Muon,
      collaboration = "ATLAS",
      title         = "{Technical Design Report for the Phase-II Upgrade of the
                       ATLAS Muon Spectrometer}",
      institution   = "CERN",
      reportNumber  = "CERN-LHCC-2017-017, ATLAS-TDR-026",
      address       = "Geneva",
      year          = "2017",
      url           = "https://cds.cern.ch/record/2285580",
}

@techreport{ATLAS:TDAQ,
      collaboration = "ATLAS",
      title         = "{Technical Design Report for the Phase-II Upgrade of the
                       ATLAS TDAQ System}",
      institution   = "CERN",
      reportNumber  = "CERN-LHCC-2017-020, ATLAS-TDR-029",
      address       = "Geneva",
      year          = "2017",
      url           = "https://cds.cern.ch/record/2285584",
      doi           = "10.17181/CERN.2LBB.4IAL",
}

@techreport{ATLAS:HGTD,
      collaboration = "ATLAS",
      title         = "{Technical Design Report:  A High-Granularity Timing
                       Detector for the ATLAS Phase-II Upgrade}",
      institution   = "CERN",
      reportNumber  = "CERN-LHCC-2020-007, ATLAS-TDR-031",
      address       = "Geneva",
      year          = "2020",
      url           = "https://cds.cern.ch/record/2719855",
}

@techreport{ATLAS:TDAQ-EF,
      author        = "ATLAS, Collaboration",
      title         = "{Technical Design Report for the Phase-II Upgrade of the
                       ATLAS Trigger and Data Acquisition System - Event Filter
                       Tracking Amendment}",
      institution   = "CERN",
      reportNumber  = "CERN-LHCC-2022-004, ATLAS-TDR-029-ADD-1",
      address       = "Geneva",
      year          = "2022",
      url           = "https://cds.cern.ch/record/2802799",
      doi           = "10.17181/CERN.ZK85.5TDL",
}

@article{Athena:865624,
      author        = "Calafiura, P and Lavrijsen, W and Leggett, C and Marino, M
                       and Quarrie, D",
      title         = "{The Athena Control Framework in Production, New
                       Developments and Lessons Learned}",
      year          = "2005",
      url           = "http://cds.cern.ch/record/865624",
      doi           = "10.5170/CERN-2005-002.456",
}

@article{Gaudi:200145,
title = {GAUDI â€” A software architecture and framework for building HEP data processing applications},
journal = {Computer Physics Communications},
volume = {140},
number = {1},
pages = {45-55},
year = {2001},
note = {CHEP2000},
issn = {0010-4655},
doi = {https://doi.org/10.1016/S0010-4655(01)00254-5},
url = {https://www.sciencedirect.com/science/article/pii/S0010465501002545},
author = {G. Barrand and I. Belyaev and P. Binko and M. Cattaneo and R. Chytracek and G. Corti and M. Frank and G. Gracia and J. Harvey and E.van Herwijnen and P. Maley and P. Mato and S. Probst and F. Ranjard},
keywords = {LHCb, GAUDI, Architecture, Components, Abstract interfaces, Framework}
}

@techreport{ATLASRun3Detector,
    author        = "ATLAS, Collaboration",
    collaboration = "ATLAS",
    title         = "{The ATLAS Experiment at the CERN Large Hadron Collider: A
                   Description of the Detector Configuration for Run 3}",
    institution   = "CERN",
    archivePrefix = "arXiv",
    eprint        = "2305.16623",
    reportNumber  = "CERN-EP-2022-259",
    address       = "Geneva",
    year          = "2023",
    url           = "https://cds.cern.ch/record/2859916",
    note          = "233 pages in total, author list starting page 214, 116 figures, 15 tables, submitted to JINST. All figures including auxiliary figures are available at http://atlas.web.cern.ch/Atlas/GROUPS/PHYSICS/PAPERS/GENR-2019-02/",
}

@article{ATLAS:FELIX,
	doi = {10.1109/tns.2019.2913617},
	url = {https://doi.org/10.1109%2Ftns.2019.2913617},
	year = 2019,
	month = {jul},
	publisher = {Institute of Electrical and Electronics Engineers ({IEEE})},
	volume = {66},
	number = {7},
	pages = {986--992},
	author = {W. Wu},
    collaboration = "ATLAS",
	title = {{FELIX}: the New Detector Interface for the {ATLAS} Experiment},
	journal = {{IEEE} Transactions on Nuclear Science}
}

@article{ATLAS:TLA,
      author        = "Boveia, Antonio",
      collaboration = "ATLAS",
      title         = "{Trigger level analysis technique in ATLAS for Run 2 and
                       beyond}",
      year          = "2019",
      url           = "https://cds.cern.ch/record/2703715",
}

@techreport{ATLAS:pileup,
      collaboration = "ATLAS",
      title         = "{Expected pileup values at the HL-LHC}",
      institution   = "CERN",
      reportNumber  = "ATL-UPGRADE-PUB-2013-014",
      address       = "Geneva",
      year          = "2013",
      url           = "https://cds.cern.ch/record/1604492",
      note          = "All figures including auxiliary figures are available at
                       https://atlas.web.cern.ch/Atlas/GROUPS/PHYSICS/PUBNOTES/ATL-UPGRADE-PUB-2013-014",
}

@techreport{ATLAS:tracking,
      collaboration = "ATLAS",
      title         = "{Software Performance of the ATLAS Track Reconstruction
                       for LHC Run 3}",
      institution   = "CERN",
      reportNumber  = "ATL-PHYS-PUB-2021-012",
      address       = "Geneva",
      year          = "2021",
      url           = "https://cds.cern.ch/record/2766886",
      note          = "All figures including auxiliary figures are available at
                       https://atlas.web.cern.ch/Atlas/GROUPS/PHYSICS/PUBNOTES/ATL-PHYS-PUB-2021-012",
}

@techreport{ATLAS:c-and-s-roadmap,
      collaboration = "ATLAS",
      title         = "{ATLAS Software and Computing HL-LHC Roadmap}",
      institution   = "CERN",
      reportNumber  = "CERN-LHCC-2022-005, LHCC-G-182",
      address       = "Geneva",
      year          = "2022",
      url           = "https://cds.cern.ch/record/2802918",
}
