@article{LHCb:detector-paper,
doi = {10.1088/1748-0221/3/08/S08005},
url = {https://dx.doi.org/10.1088/1748-0221/3/08/S08005},
year = {2008},
month = {aug},
publisher = {},
volume = {3},
number = {08},
pages = {S08005},
author = {A Augusto {Alves Jr} and others},
collaboration = "{LHCb collaboration}",
title = {The {LHCb} Detector at the {LHC}},
journal = {JINST},
}


%%% Pre upgrade I
@article{LHCb:Head_2014,
doi = {10.1088/1748-0221/9/09/C09015},
url = {https://dx.doi.org/10.1088/1748-0221/9/09/C09015},
year = {2014},
month = {sep},
publisher = {},
volume = {9},
number = {09},
pages = {C09015},
author = {T Head},
title = {The {LHCb} trigger system},
journal = {JINST}
}

@article{LHCb:Albrecht_2014,
doi = {10.1088/1742-6596/513/1/012001},
url = {https://dx.doi.org/10.1088/1742-6596/513/1/012001},
year = {2014},
month = {jun},
publisher = {},
volume = {513},
number = {1},
pages = {012001},
author = {J Albrecht and V V Gligorov and G Raven and S Tolk and the {LHCb} HLT project},
title = {Performance of the {LHCb} High Level Trigger in 2012},
journal = {Journal of Physics: Conference Series},
}

@article{LHCb:Albrecht_2015,
doi = {10.1088/1742-6596/623/1/012003},
url = {https://dx.doi.org/10.1088/1742-6596/623/1/012003},
year = {2015},
month = {may},
publisher = {IOP Publishing},
volume = {623},
number = {1},
pages = {012003},
author = {Johannes Albrecht and (On behalf of the {LHCb collaboration})},
title = {The {LHCb} Trigger System: Present and Future},
journal = {Journal of Physics: Conference Series},
}

%%% General {LHCb} Upgrade I
@article{LHCb:2023hlw,
    author = "Aaij, Roel and others",
    collaboration = "{LHCb collaboration}",
    title = "{The LHCb Upgrade I}",
    reportNumber = "LHCb-DP-2022-002",
    doi = "10.1088/1748-0221/19/05/P05065",
    journal = "JINST",
    volume = "19",
    number = "05",
    pages = "P05065",
    year = "2024"
}

@article{LHCb_2008,
doi = {10.1088/1748-0221/3/08/S08005},
url = {https://dx.doi.org/10.1088/1748-0221/3/08/S08005},
year = {2008},
month = {aug},
publisher = {},
volume = {3},
number = {08},
pages = {S08005},
}


@article{LHCb_Szumlak_2017,
doi = {10.1088/1742-6596/898/3/032051},
url = {https://dx.doi.org/10.1088/1742-6596/898/3/032051},
year = {2017},
month = {oct},
publisher = {IOP Publishing},
volume = {898},
number = {3},
pages = {032051},
author = {Tomasz Szumlak},
title = {Real time analysis with the upgraded {LHCb} trigger in Run III},
journal = {Journal of Physics: Conference Series},
}


%%% Run 3 trigger system
@techreport{LHCb:upgrade_trigger_TDR,
    title         = "{{LHCb} Trigger and Online Upgrade Technical Design Report}",
    author = "{LHCb collaboration}",
    reportNumber  = "CERN-LHCC-2014-016",
    institution = "CERN",
    month = "May",
    year          = "2014",
    url           = "https://cds.cern.ch/record/1701361",
}

%%% HLT1 on GPUs, Allen project
@article{LHCb_Allen_GPU,
    author = "Aaij, Roel and others",
    title = "{Allen}: A high level trigger on {GPUs} for {LHCb}",
    doi = "10.1007/s41781-020-00039-7",
    journal = "Comput. Softw. Big Sci.",
    volume = "4",
    number = "1",
    pages = "7",
    year = "2020"
}

@article{Agapopoulou:2023ryj,
    author = "Agapopoulou, Christina",
    collaboration = {{LHCb collaboration}},
    title = "{Commissioning LHCb\textquoteright{}s GPU high level trigger}",
    doi = "10.1088/1742-6596/2438/1/012017",
    journal = "J. Phys. Conf. Ser.",
    volume = "2438",
    number = "1",
    pages = "012017",
    year = "2023"
}

@article{LHCb:2021kxm,
    author = "Aaij, R. and others",
    collaboration = {{LHCb collaboration}},
    title = "{A Comparison of CPU and GPU Implementations for the {LHCb} Experiment Run 3 Trigger}",
    eprint = "2105.04031",
    archivePrefix = "arXiv",
    primaryClass = "physics.ins-det",
    reportNumber = "LHCb-DP-2021-003",
    doi = "10.1007/s41781-021-00070-2",
    journal = "Comput. Softw. Big Sci.",
    volume = "6",
    number = "1",
    pages = "1",
    year = "2022"
}

%%% Track reconstruction in HLT1 & HLT2 in the upgraded trigger system
@article{Gunther:2022pdo,
    author = {G\"unther, Paul Andre},
    title = "{LHCb's Forward Tracking algorithm for the Run 3 CPU-based online track-reconstruction sequence}",
    eprint = "2207.12965",
    archivePrefix = "arXiv",
    primaryClass = "physics.ins-det",
    reportNumber = "LHCb-PROC-2022-009",
    month = "7",
    year = "2022"
}

@phdthesis{Calefice:2022kpv,
    author = "Calefice, Lukas",
    title = "{Standalone track reconstruction on GPUs in the first stage of the upgraded {LHCb} trigger system \& Preparations for measurements with strange hadrons in Run 3}",
    reportNumber = "CERN-THESIS-2022-343",
    school = "Dortmund U.",
    month = "10",
    year = "2022"
}

@article{CamporaPerez:2021jhc,
    author = "C\'ampora P\'erez, Daniel Hugo and Neufeld, Niko and Riscos N\'u\~nez, Agust\'\i{}n",
    title = "{Search by triplet: An efficient local track reconstruction algorithm for parallel architectures}",
    eprint = "2207.03936",
    archivePrefix = "arXiv",
    primaryClass = "hep-ex",
    doi = "10.1016/j.jocs.2021.101422",
    journal = "J. Comput. Sci.",
    volume = "54",
    pages = "101422",
    year = "2021"
}

@article{LHCb_HLT2,
  doi = {10.5281/ZENODO.8119731},
  url = {https://zenodo.org/record/8119731},
  author = {Günther, André},
  title = {CTD2022: LHCb's Forward Tracking algorithm for the Run 3 CPU-based online track reconstruction sequence},
  publisher = {Zenodo},
  year = {2023},
  copyright = {Creative Commons Attribution 4.0 International}
}

@article{lhcb_hlt2_storage_run3,
  author={Cifra, Pierfrancesco and others},
  journal={IEEE Transactions on Nuclear Science}, 
  title={The {LHCb} {HLT2} Storage System: A {40-GB/s} System Made of Commercial Off-the-Shelf Components and Open-Source Software}, 
  year={2023},
  volume={70},
  number={6},
  pages={979-984},
  doi={10.1109/TNS.2023.3240882}}


@article{LHCb_VELO_tracker,
author = {Hennequin, Arthur and Couturier, B. and Gligorov, V. and Ponce, S. and Quagliani, Renato and Lacassagne, Lionel},
year = {2020},
month = {06},
pages = {P06018-P06018},
title = {A fast and efficient SIMD track reconstruction algorithm for the {LHCb} upgrade 1 VELO-PIX detector},
volume = {15},
journal = {JINST},
doi = {10.1088/1748-0221/15/06/P06018}
}

@article{LHCb_HybridSeeding,
    author = "Quagliani, Renato and Amhis, Yasmine Sara and Billoir, Pierre and Polci, Francesco",
    title = "{The Hybrid Seeding algorithm for a scintillating fibre tracker at {LHCb} upgrade: description and performance}",
    reportNumber = "LHCb-PUB-2017-018, CERN-LHCb-PUB-2017-018",
    year = "2017"
}

%%% Selective persistency model, Turbo in Run 2
@article{LHCb:2018zdd,
    author = "Aaij, Roel and others",
    collaboration = {{LHCb collaboration}},
    title = "{Design and performance of the {LHCb} trigger and full real-time reconstruction in Run 2 of the LHC}",
    reportNumber = "CERN-LHCb-DP-2019-001",
    doi = "10.1088/1748-0221/14/04/P04013",
    journal = "JINST",
    volume = "14",
    number = "04",
    pages = "P04013",
    year = "2019"
}

@article{LHCb:RICH_AlignCalib,
	author = {Jibo He},
	doi = {https://doi.org/10.1016/j.nima.2016.12.041},
	issn = {0168-9002},
	journal = {Nucl. Instrum. Meth. A},
	keywords = {RICH, Cherenkov detectors, Calibration, Alignment, LHCb},
	pages = {13-16},
	title = {Real-time calibration and alignment of the {LHCb} RICH detectors},
	url = {https://www.sciencedirect.com/science/article/pii/S0168900216313109},
	volume = {876},
	year = {2017},
	bdsk-url-1 = {https://www.sciencedirect.com/science/article/pii/S0168900216313109},
	bdsk-url-2 = {https://doi.org/10.1016/j.nima.2016.12.041}}
}


%%% Real-time alignment and calibration
%%% overlaps with previous references

%Run 2  
@article{Borghi:2017hfp,
    author = "Borghi, S.",
    collaboration = {{LHCb collaboration}},
    title = "{Novel real-time alignment and calibration of the {LHCb} detector and its performance}",
    doi = "10.1016/j.nima.2016.06.050",
    journal = "Nucl. Instrum. Meth. A",
    volume = "845",
    pages = "560--564",
    year = "2017"
}

%Run 3
@misc{Reiss:2846414,
      author        = "Reiss, Florian",
      title         = "{Real-time alignment procedure at the {LHCb} experiment for {Run 3}}",
      year          = "2023",
      url           = "https://cds.cern.ch/record/2846414",
     note="Proceedings of the CTD 2022"
}




@techreport{LHCbCollaboration:2319756,
      author        = {{LHCb collaboration}},
      title         = "{LHCb} Upgrade Computing Model Technical Design Report",
      institution   = "CERN",
      reportNumber  = "CERN-LHCC-2018-014, LHCB-TDR-018",
      address       = "Geneva",
      year          = "2018",
      url           = "https://cds.cern.ch/record/2319756",
      doi           = "10.17181/CERN.Q0P4.57ON",
}


@article{LHCb:upgrade-piucci,
	author = {Alessio Piucci},
	doi = {10.1088/1742-6596/878/1/012012},
	journal = {Journal of Physics: Conference Series},
	month = {jul},
	number = {1},
	pages = {012012},
	publisher = {IOP Publishing},
	title = {The {LHCb} Upgrade},
	url = {https://dx.doi.org/10.1088/1742-6596/878/1/012012},
	volume = {878},
	year = {2017},
	bdsk-url-1 = {https://dx.doi.org/10.1088/1742-6596/878/1/012012}}


@article{LHCb:wouter-kf,
	author = {W.D. Hulsbergen},
	doi = {https://doi.org/10.1016/j.nima.2008.11.094},
	issn = {0168-9002},
	journal = {Nucl. Instrum. Methods Phys. Res. A},
	number = {2},
	pages = {471-477},
	title = {The global covariance matrix of tracks fitted with a {Kalman} filter and an application in detector alignment},
	url = {https://www.sciencedirect.com/science/article/pii/S0168900208017567},
	volume = {600},
	year = {2009},
	bdsk-url-1 = {https://www.sciencedirect.com/science/article/pii/S0168900208017567},
	bdsk-url-2 = {https://doi.org/10.1016/j.nima.2008.11.094}}

@misc{canudas2022graph,
      title={{Graph Clustering}: a graph-based clustering algorithm for the electromagnetic calorimeter in {LHCb}}, 
      author={Núria Valls Canudas and others},
      year={2022},
      eprint={2212.11061},
      archivePrefix={arXiv},
      primaryClass={hep-ex}
}

@misc{LHCb:topo-trigger,
      title={Development of the Topological Trigger for {LHCb} Run 3}, 
      author={Nicole Schulte and Blaise Raheem Delaney and Niklas Nolte and Gregory Max Ciezarek and Johannes Albrecht and Mike Williams},
      year={2023},
      eprint={2306.09873},
      archivePrefix={arXiv},
      primaryClass={hep-ex}
}

@article{LHCb:sprucing,
      author        = "Skidmore, N and Rodrigues, E and Koppenburg, P",
      title         = "{Run-3 offline data processing and analysis at LHCb}",
      journal       = "PoS",
      volume        = "EPS-HEP2021",
      pages         = "792",
      year          = "2022",
      url           = "https://cds.cern.ch/record/2827261",
      doi           = "10.22323/1.398.0792",
}

@techreport{LHCb:velo-tdr,
      author        = "{LHCb collaboration}",
      title         = "{{LHCb} VELO Upgrade Technical Design Report}",
     institution = "CERN",
      reportNumber  = "CERN-LHCC-2013-021, LHCB-TDR-013",
      year          = "2013",
      url           = "https://cds.cern.ch/record/1624070",
}

@techreport{LHCb:tracker-tdr,
      author        = "{LHCb collaboration}",
      title         = "{{LHCb} Tracker Upgrade Technical Design Report}",
    institution = "CERN",
      reportNumber  = "CERN-LHCC-2014-001, LHCB-TDR-015",
      year          = "2014",
      url           = "https://cds.cern.ch/record/1647400",
}