%Run 1 performance paper
@article{alice-performance-paper-run1,
author = {B Abelev and others},
collaboration = "ALICE collaboration",
title = {Performance of the {ALICE} experiment at the {CERN} {LHC}},
journal = {International Journal of Modern Physics A},
volume = {29},
number = {24},
pages = {1430044},
month = {September},
year = {2014},
doi = {10.1142/S0217751X14300440},
URL = {https://doi.org/10.1142/S0217751X14300440}
}

%RTA Run 2/3 paper

@article{alice-trigger-run3,
	author = {Jakub Kvapil and others},
    collaboration = {{ALICE collaboration}},
	doi = {10.1051/epjconf/202125104022},
	journal = {EPJ Web Conf.},
	pages = {04022},
	title = {{ALICE} {Central Trigger System} for {LHC} {Run 3}},
	url = {https://doi.org/10.1051/epjconf/202125104022},
	volume = 251,
	year = 2021,
	bdsk-url-1 = {https://doi.org/10.1051/epjconf/202125104022}
}


@article{alice-rta-trigger,
	doi = {10.1016/j.cpc.2019.04.011},
	url = {https://doi.org/10.1016%2Fj.cpc.2019.04.011},
	year = 2019,
	month = {sep},
	publisher = {Elsevier {BV}},
	volume = {242},
	pages = {25--48},
	title = {Real-time data processing in the {ALICE} {High Level Trigger} at the {LHC}},
	journal = {Computer Physics Communications},
    collaboration = "{ALICE collaboration}",
    author = "Acharya, S. and others"
}


@inproceedings{alice-previous-cts,
  author={Evans, D. and Fedor, S. and Jones, G.T. and Jovanovic, P. and Jusko, A. and Kralik, L. and Lietava, R. and Sandor, L. and Urban, J. and Villalobos-Baillie, O.},
  booktitle={14th IEEE-NPSS Real Time Conference, 2005.}, 
  title={The {ALICE} Central Trigger System}, 
  year={2005},
  volume={},
  number={},
  pages={5 pp.-},
  keywords={},
  doi={10.1109/RTC.2005.1547458},
  ISSN={},
  month={June},}

@techreport{alice-upgrade-rts-tdr,
      author        = "Antonioli, P and Kluge, A and Riegler, W",
      collaboration = {{ALICE collaboration}},
      title         = "{Upgrade of the ALICE Readout &amp; Trigger System}",
      reportNumber  = "CERN-LHCC-2013-019, ALICE-TDR-015",
      year          = "2013",
      url           = "https://cds.cern.ch/record/1603472",
}

@inproceedings{alice-tpc-calib,
      title={Reconstruction in {ALICE} and calibration of {TPC} space-charge distortions in Run 3}, 
      booktitle={14th IEEE-NPSS Real Time Conference, 2005.}, 
      author={Ernst Hellb{\"a}r},
      year={2021},
      eprint={2109.12000},
      archivePrefix={arXiv},
      primaryClass={physics.ins-det}
}

@techreport{o2-tdr,
      author        = "Buncic, P and Krzewicki, M and Vande Vyvre, P",
      title         = "{Technical Design Report for the Upgrade of the
                       Online-Offline Computing System}",
      reportNumber  = "CERN-LHCC-2015-006, ALICE-TDR-019",
      year          = "2015",
      url           = "https://cds.cern.ch/record/2011297",
}

@article{alice-upgrade,
    title={{ALICE} upgrades during the {LHC} {Long Shutdown 2}},
    volume={19},
    ISSN={1748-0221},
    url={http://dx.doi.org/10.1088/1748-0221/19/05/P05062},
    DOI={10.1088/1748-0221/19/05/p05062},
    number={05},
   journal={JINST},
   publisher={IOP Publishing},
    author={Acharya, S. and others},
    collaboration={{ALICE collaboration}},
    year={2024},
    month=may, pages={P05062} }


@misc{alice:fpga,
      title={{FPGA} Co-processor for the {ALICE} {High Level Trigger}}, 
      author={G. Grastveit and others},
      year={2003},
      eprint={physics/0306017},
      archivePrefix={arXiv},
      primaryClass={physics.ins-det},
      url={https://arxiv.org/abs/physics/0306017}, 
    note="Proceedings of CHEP 2003."
}