@techreport{CERN-LHCC-2021-012,
      author = {{LHCb collaboration}},
      title         = "{Framework TDR for the {LHCb} Upgrade II: Opportunities in
                       flavour physics, and beyond, in the HL-LHC era}",
      institution   = "CERN",
      reportNumber  = "CERN-LHCC-2021-012, LHCB-TDR-023",
      address       = "Geneva",
      year          = "2021",
      url           = "https://cds.cern.ch/record/2776420",
}

@techreport{alice_loi_hl_lhc,
      author = {{ALICE collaboration}},
      title         = "Letter of intent for {ALICE 3}: A next generation heavy-ion
                       experiment at the {LHC}",
      institution   = "CERN",
      archivePrefix = "arXiv",
      eprint        = "2211.02491",
      reportNumber  = "CERN-LHCC-2022-009, LHCC-I-038, LHCC-I-038",
      address       = "Geneva",
      year          = "2022",
      url           = "https://cds.cern.ch/record/2803563",
}


@techreport{DosSantosFernandes:2802139,
      author        = "Dos Santos Fernandes, Nuno",
      collaboration = {{ATLAS collaboration}},
      title         = "{GPU acceleration of the {ATLAS} calorimeter clustering
                       algorithm}",
      institution   = "CERN",
      reportNumber  = "ATL-DAQ-PROC-2022-002",
      address       = "Geneva",
      year          = "2023",
      url           = "https://cds.cern.ch/record/2802139",
      doi           = "10.1088/1742-6596/2438/1/012044",
}


@inproceedings{krasznahorkay2020gpu,
  title={Gpu usage in {ATLAS} reconstruction and analysis},
  author={Krasznahorkay, Attila and Leggett, Charles and Mete, Alaettin Serhan and Snyder, Scott and Tsulaia, Vakho},
  booktitle={EPJ Web Conf.},
  volume={245},
  pages={05006},
  year={2020},
  organization={EDP Sciences}
}



@misc{Caillou:2815578,
      author        = "Caillou, Sylvain and others",
      title         = "{{ATLAS} {ITk} Track Reconstruction with a GNN-based
                       pipeline}",
      institution   = "CERN",
      reportNumber  = "ATL-ITK-PROC-2022-006",
      address       = "Geneva",
      year          = "2022",
      url           = "http://cds.cern.ch/record/2815578",
    note = "Proceedings of the CTD 2022."
}


@article{duarte2018fast,
  title={Fast reconstruction and data scouting},
  author={Duarte, Javier},
  journal={arXiv preprint arXiv:1808.00902},
  year={2018}
}


