@article{ATLASTriggerRun3,
    doi = {10.1088/1748-0221/19/06/P06029},
    url = {https://dx.doi.org/10.1088/1748-0221/19/06/P06029},
    year = {2024},
    month = {Jun},
    publisher = {IOP Publishing},
    volume = {19},
    number = {06},
    pages = {P06029},
    title = {The {ATLAS} trigger system for {LHC} {Run 3} and trigger performance in 2022},
    journal = {JINST},
    author={G Aad and others},
    collaboration={{ATLAS collaboration}}
}

@article{ATLASJetPFlow,
   title={Jet reconstruction and performance using particle flow with the {ATLAS} Detector},
   volume={77},
   ISSN={1434-6052},
   url={http://dx.doi.org/10.1140/epjc/s10052-017-5031-2},
   DOI={10.1140/epjc/s10052-017-5031-2},
   number={7},
   journal={The European Physical Journal C},
   publisher={Springer Science and Business Media LLC},
    author={M. Aaboud and others},
   collaboration={{ATLAS collaboration}},
   year={2017}}

@article{LHCMachine,
	doi = {10.1088/1748-0221/3/08/s08001},
	year = 2008,
	month = {aug},
	publisher = {{IOP} Publishing},
	volume = {3},
	number = {08},
	pages = {S08001--S08001},
	author = {Lyndon Evans and Philip Bryant},
	title = {{LHC} Machine},
	journal = {JINST}
}

@article{ATLASRun3EventBuilder,
	author = {Elmsheuser, Johannes and others},
	doi = {10.1051/epjconf/202024506014},
    collaboration = "{ATLAS collaboration}",
	journal = {EPJ Web Conf.},
	pages = {06014},
	title = {Evolution of the {ATLAS} analysis model for {Run-3} and prospects for {HL-LHC}},
	url = {https://doi.org/10.1051/epjconf/202024506014},
	volume = 245,
	year = 2020,
	bdsk-url-1 = {https://doi.org/10.1051/epjconf/202024506014}}


@article{ATLASMachine,
    title = {The {ATLAS} Experiment at the {CERN} {Large Hadron Collider}},
    author = "{ATLAS collaboration}",
    journal = {JINST},
    volume  = "3",
    pages   = "S08003. 437 p",
    year    = "2008",
    doi     = "10.1088/1748-0221/3/08/S08003",
}

@article{ATLASTriggerRun2,
	doi = {10.1088/1748-0221/15/10/p10004},
	year = 2020,
	month = {oct},
	publisher = {{IOP} Publishing},
	volume = {15},
	number = {10},
	pages = {P10004--P10004},
	author = {{{ATLAS collaboration}}},
	title = {Operation of the {ATLAS} trigger system in Run 2},
	journal = {JINST}
}

@techreport{ATLAS-TDR-PhaseII,
      collaboration = {{ATLAS collaboration}},
      title         = "{Technical Design Report for the {Phase-II} Upgrade of the
                       {ATLAS} TDAQ System}",
      institution   = "CERN",
      reportNumber  = "CERN-LHCC-2017-020, ATLAS-TDR-029",
      address       = "Geneva",
      year          = "2017",
      url           = "https://cds.cern.ch/record/2285584",
      doi           = "10.17181/CERN.2LBB.4IAL",
}

@techreport{ATLAS-TDR-PhaseI,
      collaboration = {{ATLAS collaboration}},
      title         = "{Technical Design Report for the Phase-I Upgrade of the
                       {ATLAS} TDAQ System}",
      reportNumber  = "CERN-LHCC-2013-018, ATLAS-TDR-023",
      year          = "2013",
      url           = "https://cds.cern.ch/record/1602235",
}

@techreport{Hayashi:2837931,
      author        = "Hayashi, Yuichiro",
      collaboration = {{ATLAS collaboration}},
      title         = "{Performance and Improvements of the {ATLAS} Level-1 Muon
                       Trigger for Run 3}",
      institution   = "CERN",
      reportNumber  = "ATL-DAQ-PROC-2022-019",
      address       = "Geneva",
      year          = "2023",
      url           = "https://cds.cern.ch/record/2837931",
      doi           = "10.22323/1.414.1004",
}


@techreport{Ventura:2841379,
      author        = "Ventura, Andrea",
      collaboration = {{ATLAS collaboration}},
      title         = "{The Muon Trigger of the {ATLAS} experiment: performance and
                       improvements for Run 3}",
      institution   = "CERN",
      reportNumber  = "ATL-DAQ-PROC-2022-023",
      address       = "Geneva",
      year          = "2023",
      url           = "https://cds.cern.ch/record/2841379",
      doi           = "10.22323/1.414.0654",
}

@techreport{Mkrtchyan:2843493,
      author        = "Mkrtchyan, Tigran",
      collaboration = {{ATLAS collaboration}},
      title         = "{The Phase-I Upgrade of the {ATLAS} Level-1 Calorimeter
                       Trigger}",
      institution   = "CERN",
      reportNumber  = "ATL-DAQ-PROC-2022-027",
      address       = "Geneva",
      year          = "2022",
      url           = "https://cds.cern.ch/record/2843493",
}

@article{Okumura:2022rma,
    author = "Okumura, Yasuyuki",
    collaboration = {{ATLAS collaboration}},
    title = "{Triggering in {ATLAS} in Run 2 and Run 3}",
    reportNumber = "ATL-DAQ-PROC-2021-011",
    doi = "10.22323/1.398.0788",
    journal = "PoS",
    volume = "EPS-HEP2021",
    pages = "788",
    year = "2022"
}

@article{Bielski_2020,
doi = {10.1088/1742-6596/1525/1/012031},
url = {https://dx.doi.org/10.1088/1742-6596/1525/1/012031},
year = {2020},
month = {apr},
publisher = {IOP Publishing},
volume = {1525},
number = {1},
pages = {012031},
author = {Rafal Bielski and on behalf of the {ATLAS collaboration}},
title = {{ATLAS} High Level Trigger within the multi-threaded software framework AthenaMT},
journal = {Journal of Physics: Conference Series}
}



%Subdetector TDRs for Phase-II

@techreport{ATLAS:ITKPixel,
      author = {{ATLAS collaboration}},
      title         = "{Technical Design Report for the {ATLAS} Inner Tracker Pixel
                       Detector}",
      institution   = "CERN",
      reportNumber  = "CERN-LHCC-2017-021, ATLAS-TDR-030",
      address       = "Geneva",
      year          = "2017",
      url           = "https://cds.cern.ch/record/2285585",
      doi           = "10.17181/CERN.FOZZ.ZP3Q",
}


@techreport{ATLAS:ITKStrip,
      author = {{ATLAS collaboration}},
      title         = "{Technical Design Report for the {ATLAS} Inner Tracker Strip
                       Detector}",
      institution   = "CERN",
      reportNumber  = "CERN-LHCC-2017-005, ATLAS-TDR-025",
      address       = "Geneva",
      year          = "2017",
      url           = "https://cds.cern.ch/record/2257755",
}

@techreport{ATLAS:ECAL,
      author = {{ATLAS collaboration}},
      title         = "{{ATLAS} Liquid Argon Calorimeter {Phase-II} Upgrade:
                       Technical Design Report}",
      institution   = "CERN",
      reportNumber  = "CERN-LHCC-2017-018, ATLAS-TDR-027",
      address       = "Geneva",
      year          = "2017",
      url           = "https://cds.cern.ch/record/2285582",
      doi           = "10.17181/CERN.6QIO.YGHO",
}

@techreport{ATLAS:HCAL,
      author = {{ATLAS collaboration}},
      title         = "{Technical Design Report for the {Phase-II} Upgrade of the
                       {ATLAS} Tile Calorimeter}",
      institution   = "CERN",
      reportNumber  = "CERN-LHCC-2017-019, ATLAS-TDR-028",
      address       = "Geneva",
      year          = "2017",
      url           = "https://cds.cern.ch/record/2285583",
}

@techreport{ATLAS:Muon,
      author = {{ATLAS collaboration}},
      title         = "{Technical Design Report for the {Phase-II} Upgrade of the
                       {ATLAS} Muon Spectrometer}",
      institution   = "CERN",
      reportNumber  = "CERN-LHCC-2017-017, ATLAS-TDR-026",
      address       = "Geneva",
      year          = "2017",
      url           = "https://cds.cern.ch/record/2285580",
}

@techreport{ATLAS:TDAQ,
      author = {{ATLAS collaboration}},
      title         = "{Technical Design Report for the {Phase-II} Upgrade of the
                       {ATLAS} TDAQ System}",
      institution   = "CERN",
      reportNumber  = "CERN-LHCC-2017-020, ATLAS-TDR-029",
      address       = "Geneva",
      year          = "2017",
      url           = "https://cds.cern.ch/record/2285584",
      doi           = "10.17181/CERN.2LBB.4IAL",
}

@techreport{ATLAS:HGTD,
      author = {{ATLAS collaboration}},
      title         = "{Technical Design Report:  A High-Granularity Timing
                       Detector for the {ATLAS} {Phase-II} Upgrade}",
      institution   = "CERN",
      reportNumber  = "CERN-LHCC-2020-007, ATLAS-TDR-031",
      address       = "Geneva",
      year          = "2020",
      url           = "https://cds.cern.ch/record/2719855",
}

@techreport{ATLAS:TDAQ-EF,
      author        = "ATLAS, Collaboration",
      title         = "{Technical Design Report for the {Phase-II} Upgrade of the
                       {ATLAS} Trigger and Data Acquisition System - Event Filter
                       Tracking Amendment}",
      institution   = "CERN",
      reportNumber  = "CERN-LHCC-2022-004, ATLAS-TDR-029-ADD-1",
      address       = "Geneva",
      year          = "2022",
      url           = "https://cds.cern.ch/record/2802799",
      doi           = "10.17181/CERN.ZK85.5TDL",
}


@article{Gaudi:200145,
title = {GAUDI â€” A software architecture and framework for building HEP data processing applications},
journal = {Computer Physics Communications},
volume = {140},
number = {1},
pages = {45-55},
year = {2001},
note = {CHEP2000},
issn = {0010-4655},
doi = {https://doi.org/10.1016/S0010-4655(01)00254-5},
url = {https://www.sciencedirect.com/science/article/pii/S0010465501002545},
author = {G. Barrand and I. Belyaev and P. Binko and M. Cattaneo and R. Chytracek and G. Corti and M. Frank and G. Gracia and J. Harvey and E.van Herwijnen and P. Maley and P. Mato and S. Probst and F. Ranjard},
keywords = {LHCb, GAUDI, Architecture, Components, Abstract interfaces, Framework}
}

@article{ATLASRun3Detector,
      title={The {ATLAS} Experiment at the {CERN} {Large Hadron Collider}: A Description of the Detector Configuration for {Run 3}}, 
    journal="JINST",
    author = {Georges Aad and others},
      collaboration={{ATLAS collaboration}},
doi = {10.1088/1748-0221/19/05/P05063},
url = {https://dx.doi.org/10.1088/1748-0221/19/05/P05063},
year = {2024},
month = {may},
publisher = {IOP Publishing},
volume = {19},
number = {05},
pages = {P05063},
}

@article{ATLAS:FELIX,
	doi = {10.1109/tns.2019.2913617},
	url = {https://doi.org/10.1109%2Ftns.2019.2913617},
	year = 2019,
	month = {jul},
	publisher = {Institute of Electrical and Electronics Engineers ({IEEE})},
	volume = {66},
	number = {7},
	pages = {986--992},
	author = {W. Wu},
    collaboration = {{ATLAS collaboration}},
	title = {{FELIX}: the New Detector Interface for the {ATLAS} Experiment},
	journal = {{IEEE} Trans. Nucl. Sci.}
}

@misc{ATLAS:TLA,
      author        = "Boveia, Antonio",
      collaboration = {{ATLAS collaboration}},
      title         = "{Trigger level analysis technique in {ATLAS} for Run 2 and
                       beyond}",
      year          = "2019",
      url           = "https://cds.cern.ch/record/2703715",
}

@techreport{ATLAS:pileup,
      author = "{ATLAS collaboration} and {CMS collaboration}",
      title         = "{Expected pileup values at the HL-LHC}",
      institution   = "CERN",
      reportNumber  = "ATL-UPGRADE-PUB-2013-014",
      address       = "Geneva",
      year          = "2013",
      url           = "https://cds.cern.ch/record/1604492",
}

@techreport{ATLAS:tracking,
      collaboration = "{ATLAS collaboration}",
      title         = "{Software Performance of the {ATLAS} Track Reconstruction
                       for LHC Run 3}",
      institution   = "CERN",
      reportNumber  = "ATL-PHYS-PUB-2021-012",
      address       = "Geneva",
      year          = "2021",
      url           = "https://cds.cern.ch/record/2766886",
      note          = "All figures including auxiliary figures are available at
                       https://atlas.web.cern.ch/Atlas/GROUPS/PHYSICS/PUBNOTES/ATL-PHYS-PUB-2021-012",
}

@techreport{ATLAS:c-and-s-roadmap,
      collaboration = "{ATLAS collaboration}",
      title         = "{{ATLAS} Software and Computing HL-LHC Roadmap}",
      institution   = "CERN",
      reportNumber  = "CERN-LHCC-2022-005, LHCC-G-182",
      address       = "Geneva",
      year          = "2022",
      url           = "https://cds.cern.ch/record/2802918",
}

@techreport{ATLAS:upgrade-scoping,
      collaboration = "{ATLAS collaboration}",
      title         = "{{ATLAS} {Phase-II} Upgrade Scoping Document}",
      institution   = "CERN",
      reportNumber  = "CERN-LHCC-2015-020, LHCC-G-166",
      address       = "Geneva",
      year          = "2015",
      url           = "https://cds.cern.ch/record/2055248",
      doi           = "10.17181/CERN.7CRX.AJHP",
}

