@book{CERN:lhc-design-report,
      author        = "Brüning, Oliver Sim and others",
      title         = "{{LHC} Design Report}",
        
      publisher     = "CERN",
      address       = "Geneva",
      year          = "2004",
      url           = "https://cds.cern.ch/record/782076",
      doi           = "10.5170/CERN-2004-003-V-1",
}

@techreport{CERN:lhc-run3-operation,
      author        = "Fartoukh, Stephane and others",
      title         = "{{LHC} Configuration and Operational Scenario for {Run 3}}",
      institution   = "CERN",
      reportNumber  = "CERN-ACC-2021-0007",
      address       = "Geneva",
      year          = "2021",
      url           = "https://cds.cern.ch/record/2790409",
}

@techreport{PanduroVazquez:1954156,
      author        = "Panduro Vazquez, J G",
      title         = "{The {ATLAS} Data Acquisition System: from Run 1 to Run 2}",
      institution   = "CERN",
      reportNumber  = "ATL-DAQ-PROC-2014-035",
      address       = "Geneva",
      year          = "2016",
      url           = "https://cds.cern.ch/record/1954156",
      doi           = "10.1016/j.nuclphysbps.2015.09.146",
}

@article{Jeitler_2017,
doi = {10.1088/1748-0221/12/05/C05012},
url = {https://dx.doi.org/10.1088/1748-0221/12/05/C05012},
year = {2017},
month = {May},
publisher = {IOP Publishing},
volume = {12},
number = {05},
pages = {C05012},
author = {M. Jeitler},
title = {Trigger systems of {LHC} experiments},
journal = {JINST},}


@Inbook{Smith2020,
author="Smith, W. H.",
editor="Fabjan, Christian W.
and Schopper, Herwig",
title="Triggering and High-Level Data Selection",
bookTitle="Particle Physics Reference Library: Volume 2: Detectors for Particles and Radiation",
year="2020",
publisher="Springer International Publishing",
address="Cham",
pages="533--554",
isbn="978-3-030-35318-6",
doi="10.1007/978-3-030-35318-6_12",
url="https://doi.org/10.1007/978-3-030-35318-6_12"
}

@article{Beck_2007,
doi = {10.1088/1367-2630/9/9/334},
url = {https://dx.doi.org/10.1088/1367-2630/9/9/334},
year = {2007},
month = {sep},
publisher = {IOP Publishing and Deutsche Physikalische Gesellschaft},
volume = {9},
number = {9},
pages = {334},
author = {Hans Peter Beck},
title = {Triggering at high luminosity colliders},
journal = {New Journal of Physics},
}

@article{Smith_2016, title={Triggering at the LHC}, volume={66}, DOI={10.1146/annurev-nucl-102115-044713}, number={1}, journal={Annual Review of Nuclear and Particle Science}, author={Smith, Wesley H.}, year={2016}, pages={123–141}}

@misc{grojean2010proceedings,
      title={Proceedings of the 2009 CERN-Latin-American School of High-Energy Physics, Recinto Quirama, Colombia, 15 - 28 March 2009}, 
      author={C. Grojean and M. Spiropulu},
      year={2010},
      eprint={1010.5976},
      archivePrefix={arXiv},
      primaryClass={hep-ph}
}

@misc{albrecht2018hep,
      title={{HEP} Community White Paper on Software trigger and event reconstruction}, 
      author={Johannes Albrecht and others},
      year={2018},
      eprint={1802.08638},
      archivePrefix={arXiv},
      primaryClass={physics.comp-ph},
    note = "HSF Community White Paper."
}

@article{Higgs_Aad_2012,
	doi = {10.1016/j.physletb.2012.08.020},
  
	url = {https://doi.org/10.1016%2Fj.physletb.2012.08.020},
  
	year = 2012,
	month = {sep},
  
	publisher = {Elsevier {BV}},
  
	volume = {716},
  
	number = {1},
  
	pages = {1--29},
  
	author = {{{ATLAS collaboration}}},
  
	title = {Observation of a new particle in the search for the Standard Model Higgs boson with the {ATLAS} detector at the {LHC}},
  
	journal = {Phys. Lett. B}
}

@article{Campana_2016,
	doi = {10.1146/annurev-nucl-102115-044812},
  
	url = {https://doi.org/10.1146%2Fannurev-nucl-102115-044812},
  
	year = 2016,
	month = {oct},
  
	publisher = {Annual Reviews},
  
	volume = {66},
  
	number = {1},
  
	pages = {273--295},
  
	author = {P. Campana and M. Klute and P.S. Wells},
  
	title = {Physics Goals and Experimental Challenges of the Proton{\textendash}Proton High-Luminosity Operation of the {LHC}
},
  
	journal = {Annual Review of Nuclear and Particle Science}
}



@article{ALICE_Palomo_2017,
doi = {10.1088/1742-6596/912/1/012023},
url = {https://dx.doi.org/10.1088/1742-6596/912/1/012023},
year = {2017},
month = {oct},
publisher = {IOP Publishing},
volume = {912},
number = {1},
pages = {012023},
author = {L. Valencia Palomo},
title = {The ALICE experiment upgrades for LHC Run 3 and beyond: contributions from mexican groups},
journal = {Journal of Physics: Conference Series},
}