@misc{Gligorov:2018fuk,
    author = "Gligorov, Vladimir Vava",
    title = "{Conceptualization, implementation, and commissioning of real-time analysis in the High Level Trigger of the {LHCb} experiment}",
    year = "2018",
    note="Habilitation thesis, Paris U., VI-VII."
}

@article{Aaij:2016rxn,
    author = "Aaij, R. and others",
    title = "Tesla: an application for real-time data analysis in High Energy Physics",
    reportNumber = "CERN-LHCB-DP-2016-001",
    doi = "10.1016/j.cpc.2016.07.022",
    journal = "Comput. Phys. Commun.",
    volume = "208",
    pages = "35--42",
    year = "2016"
}

@article{Dujany:2015lxd,
      author         = "Dujany, Giulio and Storaci, Barbara",
      title          = "{Real-time alignment and calibration of the {LHCb} Detector
                        in Run II}",
      booktitle      = "{Proceedings, 21st International Conference on Computing
                        in High Energy and Nuclear Physics (CHEP 2015): Okinawa,
                        Japan, April 13-17, 2015}",
      journal        = "J. Phys. Conf. Ser.",
      volume         = "664",
      year           = "2015",
      number         = "8",
      pages          = "082010",
      doi            = "10.1088/1742-6596/664/8/082010",
      reportNumber   = "LHCb-PROC-2015-011",
      SLACcitation   = "%%CITATION = 00462,664,082010;%%"
}

@article{Aaij:2019uij,
    author = "Aaij, R. and others",
    collaboration = "{LHCb collaboration}",
    title = "{A comprehensive real-time analysis model at the {LHCb} experiment}",
    reportNumber = "CERN-LHCb-DP-2019-002",
    doi = "10.1088/1748-0221/14/04/P04006",
    journal = "JINST",
    volume = "14",
    number = "04",
    pages = "P04006",
    year = "2019"
}

@article{CMS:dijet-7tev-resonances,
      collaboration = {{CMS collaboration}},
      title         = "{Search for resonances in the dijet mass spectrum from 7 {TeV} $pp$ collisions at {CMS}}",
    journal = {Physics Letters B},
    volume = {704},
    number = {3},
    pages = {123-142},
    year = {2011},
    issn = {0370-2693},
    doi = {https://doi.org/10.1016/j.physletb.2011.09.015},
    url = {https://www.sciencedirect.com/science/article/pii/S037026931101077X},
    author = {S. Chatrchyan and others}
}

@article{CMS:2016ltu,
    author = "Khachatryan, Vardan and others",
    collaboration = {{CMS collaboration}},
    title = "{Search for narrow resonances in dijet final states at $\sqrt{s}=$ 8 {TeV} with the novel {CMS} technique of data scouting}",
    reportNumber = "CMS-EXO-14-005, CERN-EP-2016-090",
    doi = "10.1103/PhysRevLett.117.031802",
    journal = "Phys. Rev. Lett.",
    volume = "117",
    number = "3",
    pages = "031802",
    year = "2016"
}

@article{CMS:2016gsl,
    author = "Sirunyan, Albert M and others",
    collaboration = {{CMS collaboration}},
    title = "{Search for dijet resonances in proton\textendash{}proton collisions at $\sqrt{s}$ = 13 {TeV} and constraints on dark matter and other models}",
    reportNumber = "CMS-EXO-16-032, CERN-EP-2016-277",
    doi = "10.1016/j.physletb.2017.02.012",
    journal = "Phys. Lett. B",
    volume = "769",
    pages = "520--542",
    year = "2017",
    note = "[Erratum: Phys. Lett. B 772, 882--883 (2017)]"
}

@misc{CMS:scouting-search-multijet,
      title={Searches for pair-produced multijet resonances using data scouting in proton-proton collisions at $\sqrt{s}$ = 13 {TeV}}, 
      author={A Hayrapetyan and others},
      collaboration={{CMS Collaboration}},
      year={2024},
      eprint={2404.02992},
      archivePrefix={arXiv},
      primaryClass={hep-ex},
      url={https://arxiv.org/abs/2404.02992}, 
    note ={Preprint, submitted to Phys. Rev. Lett.}
}

@article{CMS:2021sch,
    author = "Tumasyan, Armen and others",
    collaboration = {{CMS collaboration}},
    title = "Search for long-lived particles decaying into muon pairs in proton-proton collisions at $\sqrt{s} =$13 {TeV} collected with a dedicated high-rate data stream",
    reportNumber = "CMS-EXO-20-014, CERN-EP-2021-266",
    doi = "10.1007/JHEP04(2022)062",
    journal = "JHEP",
    volume = "04",
    pages = "062",
    year = "2022"
}

@article{CMS:2019buh,
    author = "Sirunyan, Albert M and others",
    collaboration = {{CMS collaboration}},
    title = "Search for a Narrow Resonance Lighter than 200 {GeV} Decaying to a Pair of Muons in Proton-Proton Collisions at $\sqrt{s} =$13 {TeV}",
    reportNumber = "CMS-EXO-19-018, CERN-EP-2019-265",
    doi = "10.1103/PhysRevLett.124.131802",
    journal = "Phys. Rev. Lett.",
    volume = "124",
    number = "13",
    pages = "131802",
    year = "2020"
}

%%%{ATLAS} 

@article{ATLAS:2018qto,
    author = "Aaboud, M. and others",
    collaboration = {{ATLAS collaboration}},
    title = "{Search for low-mass dijet resonances using trigger-level jets with the {ATLAS} detector in $pp$ collisions at $\sqrt{s}=13$ {TeV}}",
    reportNumber = "CERN-EP-2018-033",
    doi = "10.1103/PhysRevLett.121.081801",
    journal = "Phys. Rev. Lett.",
    volume = "121",
    number = "8",
    pages = "081801",
    year = "2018"
}