%%%CMS 
@phdthesis{Gligorov:2018fuk,
    author = "Gligorov, Vladimir Vava",
    title = "{Conceptualization, implementation, and commissioning of real-time analysis in the High Level Trigger of the LHCb experiment}",
    eprint = "1806.10912",
    archivePrefix = "arXiv",
    primaryClass = "physics.ins-det",
    school = "Paris U., VI-VII",
    year = "2018"
}

@article{Aaij:2016rxn,
    author = "Aaij, R. and others",
    title = "{Tesla : an application for real-time data analysis in High Energy Physics}",
    eprint = "1604.05596",
    archivePrefix = "arXiv",
    primaryClass = "physics.ins-det",
    reportNumber = "CERN-LHCB-DP-2016-001",
    doi = "10.1016/j.cpc.2016.07.022",
    journal = "Comput. Phys. Commun.",
    volume = "208",
    pages = "35--42",
    year = "2016"
}

@article{Dujany:2015lxd,
      author         = "Dujany, Giulio and Storaci, Barbara",
      title          = "{Real-time alignment and calibration of the LHCb Detector
                        in Run II}",
      booktitle      = "{Proceedings, 21st International Conference on Computing
                        in High Energy and Nuclear Physics (CHEP 2015): Okinawa,
                        Japan, April 13-17, 2015}",
      journal        = "J. Phys. Conf. Ser.",
      volume         = "664",
      year           = "2015",
      number         = "8",
      pages          = "082010",
      doi            = "10.1088/1742-6596/664/8/082010",
      reportNumber   = "LHCb-PROC-2015-011",
      SLACcitation   = "%%CITATION = 00462,664,082010;%%"
}

@article{Aaij:2019uij,
    author = "Aaij, R. and others",
    title = "{A comprehensive real-time analysis model at the LHCb experiment}",
    eprint = "1903.01360",
    archivePrefix = "arXiv",
    primaryClass = "hep-ex",
    reportNumber = "CERN-LHCb-DP-2019-002",
    doi = "10.1088/1748-0221/14/04/P04006",
    journal = "JINST",
    volume = "14",
    number = "04",
    pages = "P04006",
    year = "2019"
}
@techreport{CMS-PAS-EXO-11-094,
      collaboration = "CMS",
      title         = "{Search for Narrow Resonances using the Dijet Mass Spectrum in pp Collisions at sqrt s of 7 TeV}",
      institution   = "CERN",
      reportNumber  = "CMS-PAS-EXO-11-094",
      address       = "Geneva",
      year          = "2012",
      url           = "https://cds.cern.ch/record/1461223",
}

@article{CMS:2016ltu,
    author = "Khachatryan, Vardan and others",
    collaboration = "CMS",
    title = "{Search for narrow resonances in dijet final states at $\sqrt{s}=$ 8 TeV with the novel CMS technique of data scouting}",
    eprint = "1604.08907",
    archivePrefix = "arXiv",
    primaryClass = "hep-ex",
    reportNumber = "CMS-EXO-14-005, CERN-EP-2016-090",
    doi = "10.1103/PhysRevLett.117.031802",
    journal = "Phys. Rev. Lett.",
    volume = "117",
    number = "3",
    pages = "031802",
    year = "2016"
}

@article{CMS:2016gsl,
    author = "Sirunyan, Albert M and others",
    collaboration = "CMS",
    title = "{Search for dijet resonances in proton\textendash{}proton collisions at $\sqrt{s}$ = 13 TeV and constraints on dark matter and other models}",
    eprint = "1611.03568",
    archivePrefix = "arXiv",
    primaryClass = "hep-ex",
    reportNumber = "CMS-EXO-16-032, CERN-EP-2016-277",
    doi = "10.1016/j.physletb.2017.02.012",
    journal = "Phys. Lett. B",
    volume = "769",
    pages = "520--542",
    year = "2017",
    note = "[Erratum: Phys.Lett.B 772, 882--883 (2017)]"
}

@techreport{CMS-PAS-EXO-21-004,
      collaboration = "CMS",
      title         = "{Search for pair-produced multijet resonances using data
                       scouting}",
      institution   = "CERN",
      reportNumber  = "CMS-PAS-EXO-21-004",
      address       = "Geneva",
      year          = "2023",
      url           = "https://cds.cern.ch/record/2866497",
}

@article{CMS:2021sch,
    author = "Tumasyan, Armen and others",
    collaboration = "CMS",
    title = "{Search for long-lived particles decaying into muon pairs in proton-proton collisions at $ \sqrt{s} $ = 13 TeV collected with a dedicated high-rate data stream}",
    eprint = "2112.13769",
    archivePrefix = "arXiv",
    primaryClass = "hep-ex",
    reportNumber = "CMS-EXO-20-014, CERN-EP-2021-266",
    doi = "10.1007/JHEP04(2022)062",
    journal = "JHEP",
    volume = "04",
    pages = "062",
    year = "2022"
}

@article{CMS:2019buh,
    author = "Sirunyan, Albert M and others",
    collaboration = "CMS",
    title = "{Search for a Narrow Resonance Lighter than 200 GeV Decaying to a Pair of Muons in Proton-Proton Collisions at $\sqrt{s} =$  TeV}",
    eprint = "1912.04776",
    archivePrefix = "arXiv",
    primaryClass = "hep-ex",
    reportNumber = "CMS-EXO-19-018, CERN-EP-2019-265",
    doi = "10.1103/PhysRevLett.124.131802",
    journal = "Phys. Rev. Lett.",
    volume = "124",
    number = "13",
    pages = "131802",
    year = "2020"
}

%%%ATLAS 

@article{ATLAS:2018qto,
    author = "Aaboud, M. and others",
    collaboration = "ATLAS",
    title = "{Search for low-mass dijet resonances using trigger-level jets with the ATLAS detector in $pp$ collisions at $\sqrt{s}=13$ TeV}",
    eprint = "1804.03496",
    archivePrefix = "arXiv",
    primaryClass = "hep-ex",
    reportNumber = "CERN-EP-2018-033",
    doi = "10.1103/PhysRevLett.121.081801",
    journal = "Phys. Rev. Lett.",
    volume = "121",
    number = "8",
    pages = "081801",
    year = "2018"
}